@article{Kruchten:1995,
 author = {Kruchten, Philippe},
 title = {The 4+1 View Model of Architecture},
 journal = {IEEE Softw.},
 issue_date = {November 1995},
 volume = {12},
 number = {6},
 month = nov,
 year = {1995},
 pages = {42--50},
 note = "[[Online; accessed 27-February-2017]]",
 numpages = {9},
 publisher = {IEEE Computer Society Press},
} 
