@misc{website:oasis-rm,
	author = "OASIS SOA Technical Committee",
	title = "OASIS SOA Reference Model",
	url = "https://www.oasis-open.org/committees/soa-rm/faq.php",
	year = "Retrieved 22nd March 2017"
}
@phdthesis{phdthesis:pickByVision,
	author = "Bj{\"o}rn Schwerdtfeger",
	title= "Pick-by-Vision: Bringing HMD-based Augmented Reality into the Warehouse",
	school = "Technische Universit{\"a}t M{\"u}nchen",
	year = "2009"
}
@misc{website:umlet,
	author = "UMLet Team",
	title= "UMLet Website",
	url = "http://www.umlet.com/",
	year = "Retrieved 25th March 2017"
}
@misc{website:logwear,
	author = "LOGwear",
	title= "LOGwear Arbeitspakete / Werkpakkete",
	url = "http://logwear.eu/",
	year = "Retrieved 25th March 2017"
}
@phdthesis{bachelorThesis:oliver,
	author = "Oliver Sander",
	title= "Development of a web application in a volatile environment",
	school = "Fontys Hogeschool Techniek en Logistiek",
	year = "2017",
	type = "Bachelor Thesis"
}
@phdthesis{bachelorThesis:sascha,
	author = "Sascha Canders",
	title= "Development of a web application backend in a volatile environment",
	school = "Fontys Hogeschool Techniek en Logistiek",
	year = "2017",
	type = "Bachelor Thesis"
}