@misc{website:oasis-rm,
	author = "OASIS SOA Technical Committee",
	title = "OASIS SOA Reference Model",
	url = "https://www.oasis-open.org/committees/soa-rm/faq.php",
	year = "Retrieved 22th March 2017"
},